@online{gitflow,
	author   = {Vincent Driessen},
	title    = {A successful Git branching model},
	url      = {http://nvie.com/posts/a-successful-git-branching-model/},
	language = {Inglês},
	date     = {2010-01-05},
	urldate  = {2014-11-29}
}

@online{heroku,
	author   = {{Heroku,~Inc.}},
	title    = {Heroku~|~Features},
	url      = {https://www.heroku.com/features},
	language = {Inglês},
	year     = {2014},
	urldate  = {2014-11-30},
	note     = {Informações sobre escalabilidade, recursos adicionais, monitoramento, etc}
}

@online{heroku-pgsql,
	author   = {{Heroku,~Inc.}},
	title    = {Heroku~|~Postgres},
	url      = {https://www.heroku.com/postgres},
	language = {Inglês},
	year     = {2014},
	urldate  = {2014-11-30}
}

@online{auth,
	author   = {Brandon Linton},
	title    = {Should cookies be used in a RESTful API?},
	url      = {http://programmers.stackexchange.com/questions/141019/should-cookies-be-used-in-a-restful-api},
	language = {Inglês},
	date     = {2012-03-22},
	urldate  = {2014-12-03}
}